<?xml version="1.0" encoding="UTF-8"?><collection xmlns="http://www.loc.gov/MARC21/slim"><record><leader>00317nam--2200121-i-4500</leader><controlfield tag="001">000023437</controlfield><controlfield tag="002">20161230</controlfield><controlfield tag="005">20161230201035</controlfield><controlfield tag="008">060222s1000------------r-----000-0-eng-d</controlfield><datafield ind1=" " ind2=" " tag="100"><subfield code="a">Holm,  Ragnar</subfield></datafield><datafield ind1=" " ind2=" " tag="245"><subfield code="a">Electric contaacts. theory and application</subfield></datafield><datafield ind1=" " ind2=" " tag="260"><subfield code="a">Berlin, Springer-verlag, 1967, Xv + 482p</subfield></datafield><datafield ind1=" " ind2=" " tag="852"><subfield code="a">40949</subfield></datafield></record></collection>